@article{kajishima2017computational,
  title={Computational fluid dynamics},
  author={Kajishima, Takeo and Taira, Kunihiko},
  journal={Cham: Springer International Publishing},
  number={1},
  year={2017},
  publisher={Springer}
}